@string{POT = {Proceedings of the}}
@string{SOSP = {ACM Symposium on Operating Systems Principles}}
@string{USENIX = {USENIX}}

@Proceedings{SOSP8,
  title = 	 POT # " 8th " # SOSP,
  booktitle = 	 POT # " 8th " # SOSP,
  year =        1981,
  organization= "ACM",
}

@Proceedings{SOSP9,
  title = 	 POT # " 9th " # SOSP,
  booktitle = 	 POT # " 9th " # SOSP,
  year =        1983,
  organization= "ACM",
}

@Proceedings{SOSP10,
  title = 	 POT # " 10th " # SOSP,
  booktitle = 	 POT # " 10th " # SOSP,
  address =     {Orcas Island, WA},
  year =        1985,
  month =       Dec,
  organization= "ACM",
}

@Proceedings{SOSP12,
  title = 	 POT # " 12th " # SOSP,
  booktitle = 	 POT # " 12th " # SOSP,
  year = 	 1989,
  organization= "ACM",
}

@Proceedings{SOSP13,
  title = 	 POT # " 13th " # SOSP,
  booktitle = 	 POT # " 13th " # SOSP,
  year = 	 1991,
  month =	 Oct,
  address =     {Pacific Grove, CA},
  organization= "ACM",
}

@Proceedings{SOSP14,
  title = 	 POT # " 14th " # SOSP,
  booktitle = 	 POT # " 14th " # SOSP,
  year = 	 1993,
  organization= "ACM",
}

@Proceedings{SOSP15,
  title = 	 POT # " 15th " # SOSP,
  booktitle = 	 POT # " 15th " # SOSP,
  year = 	 1995,
  month = 	 {December},
  address =     {Copper Mountain, CO},
  organization= "ACM",
}

@Proceedings{SOSP16,
  title = 	 POT # " 16th " # SOSP,
  booktitle = 	 POT # " 16th " # SOSP,
  month = 	 {October},
  year = 	 1997,
  address =     {Saint-Malo, France},
  organization= "ACM",
}

@Proceedings{SOSP17,
  title = 	 POT # " 17th " # SOSP,
  booktitle = 	 POT # " 17th " # SOSP,
  month = 	 {December},
  year = 	 1999,
  address =     {Kiawa Island, SC},
  organization= "ACM",
}

@Proceedings{SOSP18,
  title = 	 POT # " 18th " # SOSP,
  booktitle = 	 POT # " 18th " # SOSP,
  month = 	 {October},
  year = 	 2001,
  address =     {Chateau Lake Louise, Banff, Canada},
  organization= "ACM",
}

@Proceedings{SOSP19,
  title = 	 POT # " 19th " # SOSP,
  booktitle = 	 POT # " 19th " # SOSP,
  month = 	 {October},
  year = 	 2003,
  address =     {Bolton Landing, NY},
  organization= "ACM",
}

@Proceedings{SOSP20,
  title = 	 POT # " 20th " # SOSP,
  booktitle = 	 POT # " 20th " # SOSP,
  month = 	 {October},
  year = 	 2005,
  address =     {Brighton, UK},
  organization= "ACM",
}


@Proceedings{USENIX85S,
  title = 	 POT # " {S}ummer 1985 " # USENIX,
  booktitle = 	 POT # " {S}ummer 1985 " # USENIX,
  year = 	 1985,
  organization=  {USENIX},
  address = 	 {Portland, OR},
}

@Proceedings{USENIX86S,
  title = 	 POT # " {S}ummer 1986 " # USENIX,
  booktitle = 	 POT # " {S}ummer 1986 " # USENIX,
  year = 	 1986,
  organization=  {USENIX},
}

@Proceedings{USENIX88W,
  title = 	 POT # " {W}inter 1988 " # USENIX,
  booktitle = 	 POT # " {W}inter 1988 " # USENIX,
  year = 	 1988,
  organization=  {USENIX},
  address = 	 {Dallas, TX},
}

@Proceedings{USENIX89W,
  title = 	 POT # " {W}inter 1989 " # USENIX,
  booktitle = 	 POT # " {W}inter 1989 " # USENIX,
  year = 	 1989,
  organization=  {USENIX},
}

@Proceedings{USENIX90W,
  title = 	 POT # " {W}inter 1990 " # USENIX,
  booktitle = 	 POT # " {W}inter 1990 " # USENIX,
  year = 	 1990,
  organization=  {USENIX},
  address = 	 {Colorado Springs, CO},
}

@Proceedings{USENIX90S,
  title = 	 POT # " {S}ummer 1990 " # USENIX,
  booktitle = 	 POT # " {S}ummer 1990 " # USENIX,
  year = 	 1990,
  organization=  {USENIX},
  address = 	 {Anaheim, CA},
}

@Proceedings{USENIX91W,
  title = 	 POT # " {W}inter 1991 " # USENIX,
  booktitle = 	 POT # " {W}inter 1991 " # USENIX,
  year = 	 1991,
  organization=  {USENIX},
}

@Proceedings{USENIX92W,
  title = 	 POT # " {W}inter 1992 " # USENIX,
  booktitle = 	 POT # " {W}inter 1992 " # USENIX,
  year = 	 1992,
  month =	 Jan,
  organization=  {USENIX},
}

@Proceedings{USENIX93S,
  title = 	 POT # " {S}ummer 1993 " # USENIX,
  booktitle = 	 POT # " {S}ummer 1993 " # USENIX,
  year = 	 1993,
  month =	 {April},
}

@Proceedings{USENIX94W,
  title = 	 POT # " {W}inter 1994 " # USENIX,
  booktitle = 	 POT # " {W}inter 1994 " # USENIX,
  year = 	 1994,
  month =	 Jan,
  address =     {San Francisco, CA},
  organization=  {USENIX},
}

@Proceedings{USENIX97,
  title = 	 POT # " 1997 " # USENIX,
  booktitle = 	 POT # " 1997 " # USENIX,
  year = 	 1997,
  month =	 Jan,
  organization=  {USENIX},
}

@Proceedings{USENIX99,
  title = 	 POT # " 1999 " # USENIX,
  booktitle = 	 POT # " 1999 " # USENIX,
  year = 	 1999,
  month =	 {June},
  organization=  {USENIX},
}

@Proceedings{USENIX00,
  title = 	 POT # " 2000 " # USENIX,
  booktitle = 	 POT # " 2000 " # USENIX,
  year = 	 2000,
  month =	 {June},
  organization=  {USENIX},
}

@Proceedings{USENIX01,
  title = 	 POT # " 2001 " # USENIX,
  booktitle = 	 POT # " 2001 " # USENIX,
  year = 	 2001,
  month =	 {June},
  organization=  {USENIX},
}

@Proceedings{USENIX03,
  title = 	 POT # " 2003 " # USENIX,
  booktitle = 	 POT # " 2003 " # USENIX,
  month =	 {June},
  year = 	 2003,
  organization=  {USENIX},
  address = 	 {San Antonio, TX},
}

@Proceedings{USENIX04,
  title = 	 POT # " 2004 " # USENIX,
  booktitle = 	 POT # " 2004 " # USENIX,
  month =	 {June--July},
  year = 	 2004,
  organization=  {USENIX},
  address = 	 {Boston, MA},
}

