
@Misc{amazon:ec2,
  author =     {Amazon Inc},
  title =      {Amazon Elastic Compute Cloud (Amazon EC2)},
  note =       {\URL{http://aws.amazon.com/ec2/}}
}

@Unpublished{rackspace:cloudservers,
  author =     {Rackspace Inc},
  title =      {Cloud Servers},
  note =       {\URL{http://www.rackspace.com/cloud/cloud_hosting_products/servers/}}
}

@Unpublished{joyent:smartmachines,
  author =     {Joyent Inc},
  title =      {SmartMachines},
  note =       {\URL{http://www.joyentcloud.com/products/smartmachines/}}
}

@Unpublished{google:appengine,
  author =     {Google Inc},
  title =      {App Engine},
  note =       {\URL{http://code.google.com/appengine}}
}

@Unpublished{heroku:cloudapp,
  author =     {Heroku Inc},
  title =      {Cloud Application Platform},
  note =       {\URL{http://www.heroku.com/how}}
}

@Unpublished{nodejitsu:nodejscloud,
  author =     {Nodejitsu Inc},
  title =      {Intelligent, Scalable Node.js clouds},
  note =       {\URL{http://nodejitsu.com/}}
}

@Unpublished{nist:cloud,
  author =     {National Institue of Science and Technology},
  title =      {The NIST Definition of Cloud Computing},
  note =       {\URL{http://csrc.nist.gov/publications/nistpubs/800-145/SP800-145.pdf}}
}

